@book{JsGoodParts,
    author = {Douglas Crockford},
    title = {Javascript: The Good Parts},
    publisher = {O'Reilly Media, Inc.},
    location = {Sebastopol},
    year = {2008}
}
@book{EloquentJavascript,
    author = {Marijn Haverbeke},
    title = {Eloquent JavaScript},
    subtitle = {A Modern Introduction to Programming},
    publisher = {No Starch Press, Inc.},
    location = {San Francisco},
    year = {2011}
}
@book{WebGlPogramming,
    author = {Andreas Anyuru},
    title = {Professional WebGL Programming},
    subtitle = {Developing 3D Graphics for the Web},
    publisher = {John Wiley \& Sons Ltd},
    location = {Chichester},
    year = {2012}
}
@book{Scala,
    author = {Oliver Braun},
    title = {Scala},
    subtitle = {Objektfunktionale Programmierung},
    publisher = {Carl Hanser Verlag},
    location = {München},
    year = {2011}
}
@book{Html5,
    author = {Peter Kr{\"o}ner},
    title = {HTML5},
    subtitle = {Webseiten innovativ und zukunftssicher},
    edition = {2},
    publisher = {Open Source Press},
    location = {M{\"u}nchen},
    year = {2011}
}
@book{ActorsInScala,
    author = {Philipp Haller and Frank Sommers},
    title = {Actors in Scala},
    publisher = {Artima Press},
    location = {Walnut Creek, CA, USA},
    year = {2011}
}
@book{AsyncJavaScript,
    author = {Trevor Burnham},
    title = {Async JavaScript. Recipes for Event-Driven Code},
    publisher = {Leanpub},
    location = {Vancouver, BC, Canada},
    year = {2012}
}
@book{FlowBasedProgramming,
    author = {John Paul Morrison},
    title = {Flow-Based Programming, 2nd Edition: A New Approach To Application Development},
    publisher = {John Paul Morrison},
    location = {Unionville, ON, Canada},
    year = {2011}
}
@book{HighPerformanceJS,
    author = {Nicholas Zakas},
    title = {High Performance JavaScript},
    publisher = {O'Reilly Media, Inc.},
    location = {Sebastopol, CA, USA},
    year = {2010}
}
@book{WebGLBeginnersGuide,
    author = {Diego Cantor and Brandon Jones},
    title = {WebGL Beginner's Guide. Become a master of 3D web programming in WebGL and JavaScript},
    publisher = {Packt Publishing Ltd.},
    location = {Birmingham, UK},
    year = {2012}
}

@inproceedings{WebsocketsFurukawa,
    author = {Yukito Furukawa},
    title = {WEB-BASED CONTROL APPLICATION USING WEBSOCKET},
    editor = {Marie Robichon and Cindy Cassady and Carl Finlay and Lynda Graham and Michaela Marx and Raphael Müller and Maria Power and Volker Schaa and Thomas Thuillier and Emmanuelle Vernay},
    booktitle = {Contributions to the Proceedings of ICALEPCS2011},
    year = {2011},
    pages = {673--675},
    location = {Grenoble}
}
@inproceedings{SimulatorX,
    author = {Marc Erich Latoschik and Henrik Tramberend},
    title = {Simulator X: A Scalable And Concurrent Architecture for Intelligent Realtime Interactive Systems},
    editor = {IEEE Computer Society},
    booktitle = {2011 IEEE Virtual Reality Conference},
    year = {2011},
    pages = {171--174},
    location = {Singapur}
}
@inproceedings{EnhancedDecoupling,
    author = {Dennis Wiebusch and Marc Erich Latoschik},
    title = {Enhanced Decoupling of Components in Intelligent Realtime Interactive Systems},
    editor = {IEEE Computer Society},
    booktitle = {Fifth Workshop on Software Engineering and Architectures for Realtime Interactive Systems SEARIS 2012},
    date = {2012-03-05},
    pages = {43--51},
    location = {Orange County, CA, USA}
}
@inproceedings{WorldInterface,
    author = {Dennis Wiebusch and Marc Erich Latoschik and Henrik Tramberend},
    title = {Ein Konfigurierbares World-Interface zur Kopplung von KI-Methoden an Interaktive Echtzeitsysteme},
    editor = {Roland Blach and Christian-Arved Bohn},
    booktitle = {Virtuelle und Erweiterte Realität, 7th Workshop of the GI special interest group VR/AR},
    year = {2010},
    pages = {47–-58},
    location = {Herzogenrath},
    publisher = {Shaker Verlag}
}
@inproceedings{GuruMeditation,
    author = {Marc Erich Latoschik and Henrik Tramberend},
    title = {Guru Meditation: Kopplung \& Kohäsion – Entwicklung interaktiver intelligenter Graphiksysteme},
    editor = {Jürgen Gausemeier and Michael Grafe},
    booktitle = {9. Paderborner Workshop Augmented \& Virtual Reality in der Produktentstehung},
    year = {2010},
    pages = {299–-315},
    location = {Paderborn},
    volume = {274},
    publisher = {HNI-Verlagsschriftenreihe}
}

@incollection{Zielgerichtet,
    author = {Gerhard Völkl},
    title = {Zielgerichtet},
    subtitle = {3D-Darstellungen im Webbrowser},
    editor = {Henning Behme},
    booktitle = {iX Kompakt: Webdesign},
    number = {2},
    year = {2012},
    pages = {110--111}
}

@report{WebsocketsRichter,
    author = {Julian Alexander Richter},
    title = {Websockets},
    url = {http://cdn.jarmedia.de/jarmedia/Paper_FINAL.pdf},
    type = {Whitepaper},
    institution = {RWTH Aachen University},
    location = {Aachen},
    year = {2011},
    urldate = {2012-08-17}
}

@online{OpenGlES,
    author = {Khronos Group},
    title = {OpenGL ES 2\_X - The Standard for Embedded Accelerated 3D Graphics},
    url = {http://www.khronos.org/opengles/2_X/},
    urldate = {2012-08-08}
}
@online{WebGLSpec,
    author = {Khronos Group},
    title = {WebGL Specification. Version 1.0, 10 February 2011},
    url = {https://www.khronos.org/registry/webgl/specs/1.0/},
    date = {2011-02-10},
    urldate = {2012-08-10}
}
@online{WebGLDiff,
    author = {Khronos Group},
    title = {Differences Between WebGL and OpenGL ES 2.0},
    url = {https://www.khronos.org/registry/webgl/specs/1.0/#6},
    urldate = {2012-08-11}
}
@online{CORS,
    author = {World Wide Web Consortium},
    title = {Cross-Origin Resource Sharing. W3C Working Draft 3 April 2012},
    url = {http://www.w3.org/TR/cors/},
    date = {2012-04-03},
    urldate = {2012-08-15}
}
@online{OWL,
    author = {World Wide Web Consortium},
    title = {OWL 2 Web Ontology Language Document Overview. W3C Recommendation 27 October 2009},
    url = {http://www.w3.org/TR/owl2-overview/},
    date = {2009-10-27},
    urldate = {2012-08-19}
}
@online{WebSocketApiSpec,
    author = {World Wide Web Consortium},
    title = {The Web Sockets API. W3C Working Draft 22 December 2009},
    url = {http://www.w3.org/TR/2009/WD-websockets-20091222/},
    date = {2009-12-22},
    urldate = {2012-08-17}
}
@online{WebSocketRFC,
    author = {Internet Engineering Task Force},
    title = {The WebSocket Protocol},
    url = {http://tools.ietf.org/html/rfc6455},
    date = {2011-12},
    urldate = {2012-08-19}
}
@online{WebGlPrecision,
    author = {Ilmari Heikkinen},
    title = {USE MEDIUMP PRECISION IN WEBGL WHEN POSSIBLE},
    url = {http://updates.html5rocks.com/2011/12/Use-mediump-precision-in-WebGL-when-possible},
    date = {2011-12-08},
    urldate = {2012-08-19}
}
@online{TypedArrays,
    author = {Khronos Group},
    title = {Typed Array Specification, Editor's Draft 04 July 2012},
    url = {http://www.khronos.org/registry/typedarray/specs/latest/},
    date = {2012-07-04},
    urldate = {2012-08-25}
}
@online{PlayDoku,
    author = {Play! Framework Developers},
    title = {Play 2.0 documentation},
    url = {http://www.playframework.org/documentation/2.0.3/Home},
    urldate = {2012-08-29}
}
